
@article{pereira2009flow,
  title={Flow meters: part 1},
  author={Pereira, Miguel},
  journal={IEEE Instrumentation \& Measurement Magazine},
  volume={12},
  number={1},
  pages={18--26},
  year={2009},
  publisher={IEEE}
}

@article{nandagopal2022fluid,
  title={Fluid Flow Measurements},
  author={Nandagopal, PE and Nuggenhalli, S},
  booktitle={Fluid and Thermal Sciences},
  pages={137--147},
  year={2022},
  publisher={Springer}
}

@article{raman2018review,
  title={A review on applications of computational fluid dynamics},
  author={Raman, Ram Kumar and Dewang, Yogesh and Raghuwanshi, Jitendra},
  journal={International Journal of LNCT},
  volume={2},
  number={6},
  pages={137--143},
  year={2018}
}


@inproceedings{tukimin2016cfd,
  title={CFD analysis of flow through Venturi tube and its discharge coefficient},
  author={Tukimin, A and Zuber, M and Ahmad, KA},
  booktitle={IOP Conference Series: Materials Science and Engineering},
  volume={152},
  number={1},
  pages={012062},
  year={2016},
  organization={IOP Publishing}
}
@article{carello2013flow,
  title={Flow rate test bench: automated and compliant to ISO standards},
  author={Carello, M and Ivanov, A and Pescarmona, F},
  journal={Experimental Techniques},
  volume={37},
  number={2},
  pages={41--49},
  year={2013},
  publisher={Springer}
}
@article{tamhankar2014experimental,
  title={Experimental and CFD analysis of flow through venturimeter to determine the coefficient of discharge},
  author={Tamhankar, Nikhil and Pandhare, Amar and Joglekar, Ashwinkumar and Bansode, Vaibhav},
  journal={International Journal of Latest Trends in Engineering and Technology (IJLTET)},
  volume={3},
  number={4},
  pages={194--200},
  year={2014}
}

@misc{venturi_meter,
	title = {Venturi {Flowmeter}},
	url = {http://hyperphysics.phy-astr.gsu.edu/hbase/Fluids/venturi.html},
	urldate = {2022-07-22},
	file = {Venturi Flowmeter:files/10/venturi.html:text/html},
}


@article{arun2015prediction,
  title={Prediction of discharge coefficient of Venturimeter at low Reynolds numbers by analytical and CFD Method},
  author={Arun, R and Yogesh Kumar, KJ and Seshadri, V},
  journal={International Journal of Engineering and Technical Research (IJETR) ISSN},
  pages={2321--0869},
  year={2015}
}

@inproceedings{odetti2019design,
  title={Design, development and testing at field of a modular Mini Automatic Water Sampler (MAWS) based on magnetic activation},
  author={Odetti, Angelo and Bruzzone, Giorgio and Caccia, Massimo and Ferretti, Roberta and Spirandelli, Edoardo and Bruzzone, Gabriele},
  booktitle={OCEANS 2019-Marseille},
  pages={1--8},
  year={2019},
  organization={IEEE}
}

@article{lee2009development,
  title={Development and characterization of a cartridge-type pneumatic dispenser with an integrated backflow stopper},
  author={Lee, Sangmin and Kim, Joonwon},
  journal={Journal of Micromechanics and Microengineering},
  volume={20},
  number={1},
  pages={015011},
  year={2009},
  publisher={IOP Publishing}
}

@article{wargula2017investigations,
  title={The investigations of dynamic characteristics of a stepper motor},
  author={Wargu{\l}a, {\L}ukasz and Krawiec, Piotr and Adamiec, Jaros{\l}aw M and Walu{\'s}, Konrad J},
  journal={Procedia Engineering},
  volume={177},
  pages={318--323},
  year={2017},
  publisher={Elsevier}
}
@misc{nema17,
	title = {{NEMA} 17 {Stepper} {Motor}},
	url = {https://components101.com/motors/nema17-stepper-motor},
	abstract = {NEMA 17 Stepper Motor},
	language = {en},
	urldate = {2022-08-12},
	journal = {Components101},
	file = {Snapshot:files/27/nema17-stepper-motor.html:text/html},
}

@article{halicioglu2016mechanisms,
  title={Mechanisms, classifications, and applications of servo presses: a review with comparisons},
  author={Halicioglu, Recep and Dulger, L Canan and Bozdana, A Tolga},
  journal={Proceedings of the Institution of Mechanical Engineers, Part B: Journal of Engineering Manufacture},
  volume={230},
  number={7},
  pages={1177--1194},
  year={2016},
  publisher={SAGE Publications Sage UK: London, England}
}
@misc{mg996r,
	title = {{MG996R} {Servo} {Motor}},
	url = {https://components101.com/motors/mg996r-servo-motor-datasheet},
	abstract = {MG996R Servo Motor},
	language = {en},
	urldate = {2022-08-12},
	journal = {Components101},
	file = {Snapshot:files/13/mg996r-servo-motor-datasheet.html:text/html},
}
@article{gao2020piezoelectric,
  title={Piezoelectric actuators and motors: materials, designs, and applications},
  author={Gao, Xiangyu and Yang, Jikun and Wu, Jingen and Xin, Xudong and Li, Zhanmiao and Yuan, Xiaoting and Shen, Xinyi and Dong, Shuxiang},
  journal={Advanced Materials Technologies},
  volume={5},
  number={1},
  pages={1900716},
  year={2020},
  publisher={Wiley Online Library}
}
@misc{xla3,
	title = {High {Precision} {Stages} {And} {Actuators}},
	url = {https://xeryon.com/products/},
	abstract = {Compact, high precision stages and actuators for fast and noiseless motion applications. Standard and custom solutions!},
	language = {en-US},
	urldate = {2022-08-12},
	journal = {Xeryon},
	author = {admin},
	file = {Snapshot:files/29/products.html:text/html},
}
@misc{la_t8,
	title = {{LA}-{T8} linear actuator,{Max} 150mm/s speed,{235N},150mm stroke,{Hall} sensor.},
	url = {http://www.gomotorworld.com/pd?product_id=64&brd=1},
	urldate = {2022-08-28},
	file = {LA-T8 linear actuator,Max 150mm/s speed,235N,150mm stroke,Hall sensor.:files/36/pd.html:text/html},
}
@misc{irf520,
	title = {Using {IRF520} {MOSFET} {Switch} button for {Arduino} - {Robojax}},
	url = {https://robojax.com/learn/arduino/?vid=robojax-IRF520-MOSFET},
	urldate = {2022-08-12},
	file = {Using IRF520 MOSFET Switch button for Arduino - Robojax:files/18/arduino.html:text/html},
}

@misc{butterfly,
	title = {butterfly valve 250mm - {Buy} butterfly valve 250mm {Product} on {FLOWX} {Valve}},
	url = {http://www.flowxcontrol.com/butterfly-valve-250mm-pd91762826.html},
	abstract = {butterfly valve 250mm, find complete details about butterfly valve 250mm, butterfly valve 250mm - FLOWX Valve},
	language = {en},
	urldate = {2022-08-12},
	file = {Snapshot:files/20/butterfly-valve-250mm-pd91762826.html:text/html},
}
@misc{solenoid,
	title = {1/2'' {12V} {DC} {Electric} {Brass} {Solenoid} {Valve} 12-{Volts}},
	url = {https://www.electricsolenoidvalves.com/1-2-12v-dc-electric-brass-solenoid-valve/},
	urldate = {2022-08-12},
	file = {1/2'' 12V DC Electric Brass Solenoid Valve 12-Volts:files/22/1-2-12v-dc-electric-brass-solenoid-valve.html:text/html},
}
@article{chang1996ultrasonic,
  title={Ultrasonic sensor data integration and its application to environment perception},
  author={Chang, Charles C and Song, Kai-Tai},
  journal={Journal of Robotic Systems},
  volume={13},
  number={10},
  pages={663--677},
  year={1996},
  publisher={Wiley Online Library}
}
@misc{loadcell,
	title = {Getting {Started} with {Load} {Cells} - learn.sparkfun.com},
	url = {https://learn.sparkfun.com/tutorials/getting-started-with-load-cells/all},
	urldate = {2022-08-12},
	file = {Getting Started with Load Cells - learn.sparkfun.com:files/24/all.html:text/html},
}
@misc{ds18b20,
	title = {{DS18B20} {Temperature} {Sensor}},
	url = {https://components101.com/sensors/ds18b20-temperature-sensor},
	abstract = {DS18B20 Temperature Sensor},
	language = {en},
	urldate = {2022-08-12},
	journal = {Components101},
	file = {Snapshot:files/31/ds18b20-temperature-sensor.html:text/html},
}
@misc{lcd_with_keypad,
	title = {Electronics and {Programming}: {ATMega32} {LCD} and {Keypad} {Interfacing} {Example}},
	url = {https://aki-technical.blogspot.com/2021/05/atmega32-lcd-and-keypad-interfacing.html},
	urldate = {2022-07-20},
	file = {Electronics and Programming\: ATMega32 LCD and Keypad Interfacing Example:files/2/atmega32-lcd-and-keypad-interfacing.html:text/html},
}
@misc{lcd_with_touch,
	title = {For developers - {Get} started now {\textbar} {LVGL}},
	url = {https://lvgl.io/developers},
	urldate = {2022-07-20},
}

% @book{yasumoto2018electromagnetic,
%   title={Electromagnetic theory and applications for photonic crystals},
%   author={Yasumoto, Kiyotoshi},
%   year={2018},
%   publisher={CRC press}
% }
@misc{noauthor_prusa_nodate,
	title = {Prusa i3 {MK2} / {MK3} {LCD} {Knob} {Round} (depth corrected) by amoose136 {\textbar} {Download} free {STL} model},
	url = {https://www.printables.com/model/76087-prusa-i3-mk2-mk3-lcd-knob-round-depth-corrected},
	abstract = {Original knob would sink too deep on the pot so I made it more shallow so it can still click just fine. Looks… {\textbar} Download free 3D printable STL models},
	language = {en},
	urldate = {2022-07-20},
	journal = {Printables.com},
}

@misc{mcu_lcd,
	title = {Black {STM32} {F407VE} {Development} {Board} — {Zephyr} {Project} {Documentation}},
	url = {https://docs.zephyrproject.org/3.1.0/boards/arm/black_f407ve/doc/index.html},
	urldate = {2022-08-12},
	file = {Black STM32 F407VE Development Board — Zephyr Project Documentation:files/33/index.html:text/html},
}


@misc{d8120,
	title = {D8120 {Datasheet}, {PDF} - {Alldatasheet}},
	url = {https://www.alldatasheet.com/view.jsp?Searchword=D8120&sField=3},
	urldate = {2022-12-10},
	file = {D8120 Datasheet, PDF - Alldatasheet:files/55/view.html:text/html},
}
